\usepackage{xeCJK}
\setCJKmainfont{AozoraMinchoRegular.ttf}
@PREAMBLE{
 "\providecommand{\noopsort}[1]{}" 
 # "\providecommand{\singleletter}[1]{#1}%" 
}
@inproceedings{raiszadeh2011mars,
  title={Mars exploration rover heat shield recontact analysis},
  author={Raiszadeh, Behzad and Desai, Prasun and Michelltree, Robert},
  booktitle={21st AIAA Aerodynamic Decelerator Systems Technology Conference and Seminar},
  pages={2584},
  year={2011}
}

@techreport{garber1961analysis,
  title={An Analysis of the Rotational Motion of a Body During Re-Entry},
  author={Garber, TB},
  year={1961},
  institution={RAND CORP SANTA MONICA CA}
}
@misc{ wiki:001,
   author = "{Wikipedia contributors}",
   title = "Space Shuttle thermal protection system --- {W}ikipedia{,} The Free Encyclopedia",
   year = "2019",
   url = "https://en.wikipedia.org/wiki/Space_Shuttle_thermal_protection_system",
   note = "[Online; accessed 22-March-2019]"
 }
@misc{JPL:000,
   title = {“Mars Pathfinder: Entry descent and landing”},
   url = “https://mars.jpl.nasa.gov/MPF/mpf/edl/edl1.html”,
   note = {“[Online; accessed 30-March-2019]”}
}

@misc{ JPL:001,
   title = "Spacecraft: Airbags",
   url = "https://mars.nasa.gov/mer/mission/spacecraft_edl_airbags.html",
   note = "[Online; accessed 30-March-2019]"
 }

@book{ 4.1.7returningfromspace_2018,
    url={https://www.faa.gov/about/office_org/headquarters_offices/avs/offices/aam/cami/library/on    line_libraries/aerospace_medicine/tutorial/media/III.4.1.7_Returning_from_Space.pdf},
    publisher={Federal Aviation Administration},
    year={2018}
}

@misc{ wiki:002,
   author = "{Wikipedia contributors}",
   title = "Drag Coefficient --- {W}ikipedia{,} The Free Encyclopedia",
   year = "2019",
   url = "https://en.wikipedia.org/wiki/Drag_coefficient",
   note = "[Online; accessed 30-March-2019]"
 }

@misc{ wiki:003,
   author = "{Wikipedia contributors}",
   title = "Atmosphere of Mars --- {W}ikipedia{,} The Free Encyclopedia",
   year = "2019",
   url = "https://en.wikipedia.org/wiki/Atmosphere_of_Mars",
   note = "[Online; accessed 30-March-2019]"
 }


@misc{ UniversityofIdaho,
   author = "{Levi Westra}",
   title = "Sizing a Parachute",
   url = "https://www.webpages.uidaho.edu/dl2/on_target/tv.htm",
   note = "[Online; accessed 30-March-2019]"
 }

@misc{ NASAMarsExploration,
   title = "Mars Pathfinder --- Programs \& Missions",
   url = "https://mars.nasa.gov/programmissions/missions/past/pathfinder/",
   note = "[Online; accessed 30-March-2019]"
 }

@misc{ wiki:004,
   author = "{Wikipedia contributors}",
   title = "Specific Strength --- {W}ikipedia{,} The Free Encyclopedia",
   year = "2019",
   url = "https://en.wikipedia.org/wiki/Specific_strength#The_'Yuri'_and_space_tethers",
   note = "[Online; accessed 30-March-2019]"
 }

@misc{ NASA,
   title = "Mars Atmosphere Model: Metric Units",
   year = "2015",
   url = "https://www.grc.nasa.gov/www/k-12/airplane/atmosmrm.html",
   note = "[Online; accessed 30-March-2019]"
 }

@misc{ wiki:005,
   author = "{Wikipedia contributors}",
   title = "Viking 1 --- {W}ikipedia{,} The Free Encyclopedia",
   year = "2019",
   url = "https://en.wikipedia.org/wiki/Viking_1",
   note = "[Online; accessed 30-March-2019]"
 }

@article{alqassim2011mechanical,
  title={Mechanical properties of hierarchical honeycomb structures},
  author={Alqassim, Ghanim},
  journal={Mechanical Engineering Master's Theses. Paper},
  volume={42},
  year={2011}
}

@misc{zylonByToyobo,
 title = {Zylon is a new high-performance fiber developed by toyobo | \begin{CJK}{UTF8}{min} 東洋紡 \end{CJK} \_2005}, 
  url={http://www.toyobo-global.com/seihin/kc/pbo/zylon_bussei.html},
  journal={Toyobo-global.com},
  year={2005}
}

@misc{ NASAMarsExplorationRovers:001,
   title = "Mars Exploration Rovers: RAD Rockets",
   url = "https://mars.nasa.gov/mer/mission/spacecraft/entry-descent-and-landing-configuration/aeroshell/rad-rockets/",
   note = "[Online; accessed 30-March-2019]"
 }

@misc{ NASAMarsExplorationRovers:002,
   title = "Mars Exploration Rovers: Parachute",
   url = "https://mars.nasa.gov/mer/mission/spacecraft/entry-descent-and-landing-configuration/parachute/",
   note = "[Online; accessed 30-March-2019]"
 }

@misc{ JPL:002,
   author = "{Les Compton}",
   title = "Mars Pathfinder --- Rocket Assisted Descent (The RAD Rocket Motors)",
   year = "2005",
   url = "https://mars.jpl.nasa.gov/MPF/mpf/rad.html",
   note = "[Online; accessed 30-March-2019]"
 }

@Article{Tvarozek2016,
author="Tvarožek, J.
And Alcnauer, J.",
title="Calculation of Solid Fuel Rockets Optimal Values by Analytical Method",
journal="American International Journal of Contemporary Research",
year="2016",
month="Jun",
volume="6",
number="3",
pages="9",
issn="2162-142X",
doi="10.30845/aijcr",
url="http://www.aijcrnet.com/journals/Vol_6_No_3_June_2016/21.pdf"
}

@misc{ NASA:002,
   author = "{Nancy Hall}",
   title = "Solid Rocket Engine",
   year = "2019",
   url = "https://www.grc.nasa.gov/www/k-12/airplane/srockth.html",
   note = "[Online; accessed 30-March-2019]"
 }

@misc{ NASA:003,
   author = "{Nancy Hall}",
   title = "Specific Impulse",
   year = "2019",
   url = "https://www.grc.nasa.gov/www/k-12/airplane/specimp.html",
   note = "[Online; accessed 30-March-2019]"
 }

@misc{ wiki:006,
   author = "{Wikipedia contributors}",
   title = "Ammonium perchlorate composite propellant --- {W}ikipedia{,} The Free Encyclopedia",
   year = "2018",
   url = "https://en.wikipedia.org/wiki/Ammonium_perchlorate_composite_propellant",
   note = "[Online; accessed 30-March-2019]"
 }

@misc{ wiki:007,
   author = "{Wikipedia contributors}",
   title = "Table of explosive detonation velocities --- {W}ikipedia{,} The Free Encyclopedia",
   year = "2019",
   url = "https://en.wikipedia.org/wiki/Table_of_explosive_detonation_velocities",
   note = "[Online; accessed 30-March-2019]"
 }

@misc{ honeycombpanels,
   title = "Aluminum Honeycomb",
   year = "2019",
   url = "https://www.honeycombpanels.eu/en/products/honeycomb/aluminium",
   note = "[Online; accessed 30-March-2019]"
 }
@article{thomas2018energy,
  title={Energy absorption and in-plane crushing behavior of aluminium reinforced honeycomb},
  author={Thomas, T and Tiwari, G},
  journal={Vacuum},
  year={2018},
  publisher={Elsevier}
}

@inproceedings{kim2006miniature,
  title={Miniature ground penetrating radar, CRUX GPR},
  author={Kim, Soon Sam and Carnes, Steven R and Haldemann, Albert F and Ng, E Ho Wah and Ulmer, CT and Arcone, Steven A},
  booktitle={2006 IEEE Aerospace Conference},
  pages={7--pp},
  year={2006},
  organization={IEEE}
}

@Article{Mangold2016,
author="Mangold, N.
and Baratoux, D.
and Witasse, O.
and Encrenaz, T.
and Sotin, C.",
title="Mars: a small terrestrial planet",
journal="The Astronomy and Astrophysics Review",
year="2016",
month="Nov",
day="16",
volume="24",
number="1",
pages="15",
issn="1432-0754",
doi="10.1007/s00159-016-0099-5",
url="https://doi.org/10.1007/s00159-016-0099-5"
}

@article{bruckner2003refined,
  title={Refined data of Alpha Proton X-ray Spectrometer analyses of soils and rocks at the Mars Pathfinder site: Implications for surface chemistry},
  author={Br{\"u}ckner, J and Dreibus, G and Rieder, R and W{\"a}nke, H},
  journal={Journal of Geophysical Research: Planets},
  volume={108},
  number={E12},
  year={2003},
  publisher={Wiley Online Library}
}

@misc{ APXSdescription,
   title = "Alpha Proton X-ray Spectrometer Instrument Description",
   year = "1999",
   url = "https://pdsimg.jpl.nasa.gov/data/mpfr-m-apxs-2-edr-v1.0/mprv_0001/document/apxsinst.htm#Electronics",
   note = "[Online; accessed 30-March-2019]"
 }

@inproceedings{allen1998martian,
  title={Martian regolith simulant JSC Mars-1},
  author={Allen, Carlton C and Morris, Richard V and Jager, Karen M and Golden, DC and Lindstrom, David J and Lindstrom, Marilyn M and Lockwood, John P},
  booktitle={Lunar and planetary science conference},
  volume={29},
  year={1998}
}

@article{gronstal_2014,
 title={Icebreaking Mars},
 url={https://www.astrobio.net/news-exclusive/icebreaking-mars/},
 journal={AstroBiology},
 author={Gronstal, Aaron L.},
 year={2014}
}

@book{gallegos_newsom_2016,
 title={Protonilus Mensae},
 url={https://www.nasa.gov/sites/default/files/atoms/files/protonilus_mensae_presentation_tagged.pdf},
 publisher={NASA},
 author={Gallegos, Zachary and Newsom, Horton},
 year={2016},
 pages={49}
}

@book{Hoffman_2016,
 title={Mining water ice on mars: an assessment of isru options in support of future human missions},
url={https://www.nasa.gov/sites/default/files/atoms/files/mars_ice_drilling_assessment_v6_for_public_release.pdf},
 publisher={NASA},
 author={Hoffman, Stephen. and Andrews, Alida. and Watts, Kevin},
 year={2016},
 pages={86}
}

@misc{ JPL:003,
   title = "Dynamic Albedo of Neutrons (DAN)",
   year = "2019",
   url = "https://mars.nasa.gov/msl/mission/instruments/radiationdetectors/dan/",
   note = "[Online; accessed 30-March-2019]"
 }

@book{Castillo_2016,
 title={Chapter 9: Sample handling and instruments for the in-situ exploration of ice-rich planets},
url={https://ntrs.nasa.gov/archive/nasa/casi.ntrs.nasa.gov/20160005226.pdf},
 publisher={NASA},
 author={Castillo, Julie C. and Bar-Cohen, Yoseph. And Vance, Steve. And Choukroun, Mathieu. And Lee, Hyeong Jae. and Bao, Xiaoqi. And Badescu, Mircea. And Sherrit, Stewart. And Trainer, Melissa G. and Getty, Stephanie A.},
 year={2016},
 pages={42}
}

@misc{cawley_2019,
title={3 Ways to Power a Raspberry Pi for Portable Projects},
url={https://www.makeuseof.com/tag/pi-go-x-ways-powering-raspberry-pi-portable-projects/},
 journal={MUO: DIY},
 author={Cawley, Christian},
 year={2019}
}

@inbook{2015,
booktitle={Mars: First Landing Site/Exploration Zone Workshop for Human Missions to the Surface of Mars},
 year={2015}
}

@misc{hauck2002safe,
  title={Safe on Mars: precursor measurements necessary to support human operations on the martian surface. NRC 2002},
  author={Hauck, FH and McSween, HY and Breazeal, C and Clark, BC and Eshleman, VR and Haas, H and Reid, JB and Richmond, J and Turner, RE and Whittaker, WL},
  year={2002},
  publisher={National Academy of Sciences Press}
}

@misc{ NASA:004,
   title = "The Lander Structure - NASA Mars",
   year = "2019",
   url = "https://mars.nasa.gov/mer/mission/spacecraft/entry-descent-and-landing-configuration/lander-structure/",
   note = "[Online; accessed 30-March-2019]"
 }

@book{board2002safe,
  title={Safe on Mars: Precursor Measurements Necessary to Support Human Operations on the Martian Surface},
  author={Board, Space Studies and National Research Council and others},
  year={2002},
  publisher={National Academies Press}
}

@misc{ NASA_InSight,
   title = "Summary | Landing – NASA's InSight Mars Lander",
   year = "2019",
   url = {https://mars.nasa.gov/insight/timeline/landing/summary/},
   note = "[Online; accessed 30-March-2019]"
 }
 
@book{christensen_engle_anwar_dickenshied_noss_gorelick_weiss-malik_2019,
 place={Arizona State University},
 title={JMARS - A Planetary GIS},
 publisher={Mars Space Flight Facility},
 author={Christensen, P.R. and Engle, E. and Anwar, S. and Dickenshied, S. and Noss, D. and Gorelick, N. and Weiss-Malik, M.},
year={2019}
}

@article{kedar2017analysis,
  title={Analysis of regolith properties using seismic signals generated by InSight’s HP 3 penetrator},
  author={Kedar, Sharon and Andrade, Jose and Banerdt, Bruce and Delage, Pierre and Golombek, Matt and Grott, Matthias and Hudson, Troy and Kiely, Aaron and Knapmeyer, Martin and Knapmeyer-Endrun, Brigitte and others},
  journal={Space Science Reviews},
  volume={211},
  number={1-4},
  pages={315--337},
  year={2017},
  publisher={Springer}
}

@article{panning2017planned,
  title={Planned products of the Mars structure service for the InSight mission to Mars},
  author={Panning, Mark P and Lognonn{\'e}, Philippe and Banerdt, W Bruce and Garcia, Rapha{\"e}l and Golombek, Matthew and Kedar, Sharon and Knapmeyer-Endrun, Brigitte and Mocquet, Antoine and Teanby, Nick A and Tromp, Jeroen and others},
  journal={Space Science Reviews},
  volume={211},
  number={1-4},
  pages={611--650},
  year={2017},
  publisher={Springer}
}

@article{souness2012mid,
  title={Mid-latitude glaciation on Mars},
  author={Souness, Colin and Hubbard, Bryn},
  journal={Progress in Physical Geography},
  volume={36},
  number={2},
  pages={238--261},
  year={2012},
  publisher={Sage Publications Sage UK: London, England}
}

@incollection{wanke2001chemical,
  title={Chemical composition of rocks and soils at the Pathfinder site},
  author={W{\"a}nke, H and Br{\"u}ckner, J and Dreibus, G and Rieder, R and Ryabchikov, I},
  booktitle={Chronology and Evolution of Mars},
  pages={317--330},
  year={2001},
  publisher={Springer}
}

@inproceedings{bruckner1999chemical,
  title={Chemical composition of the Martian surface as derived from Pathfinder, Viking, and Martian meteorite data},
  author={Br{\"u}ckner, J and Dreibus, G and Lugmair, GW and Rieder, R and W{\"a}nke, H and Economou, T},
  booktitle={Lunar and Planetary Science Conference},
  volume={30},
  year={1999}
}

@misc{ JPL:004,
   title = "Mars Pathfinder Rover Description",
   year = "1999",
   url = "https://pdsimg.jpl.nasa.gov/data/mpfr-m-apxs-2-edr-v1.0/mprv_0001/document/insthost.htm",
   note = "[Online; accessed 02-April-2019]"
 }
 
@inproceedings{kim2012miniature,
  title={Miniature Ground Penetrating Radar (GPR) for martian exploration: interrogating the shallow subsurface of Mars from the surface},
  author={Kim, SS and Carnes, SR and Ulmer, CT},
  booktitle={Concepts and Approaches for Mars Exploration},
  volume={1679},
  year={2012}
}

@misc{banke_2019, 
title={NASA is With You When You Fly, Even on Mars}, url={https://www.nasa.gov/feature/nasa-is-with-you-when-you-fly-even-on-mars}, 
journal={NASA}, 
publisher={NASA}, 
author={Banke, Jim}, 
editor={Gipson, LillianEditor}, 
year={2019}, 
month={Mar}
} 

@misc{fisher_scientific_2014, 
title={Material Safety Data Sheet: Sodum azide},
url={https://fscimage.fishersci.com/msds/20960.htm}, 
journal={Untitled Page}, 
publisher={Fisher Scientific}, 
author={Fisher Scientific}, 
year={2014}, 
month={Sep}
} 

@misc{new_jersey_department_of_health_2013, 
title={Cyclonite Hazardous Substance Fact Sheet}, 
publisher={New Jersey Department of Health}, 
author={New Jersey Department of Health}, 
year={2013}, 
month={Jun}
} 

@misc{fisher_scientific_2014_001, 
title={Material Safety Data Sheet: Aluminum},
url={https://fscimage.fishersci.com/msds/01000.htmm}, 
journal={Untitled Page}, 
publisher={Fisher Scientific}, 
author={Fisher Scientific}, 
year={2014}, 
month={Nov}
} 

@misc{nuplex_2013, 
title={Material Safety Data Sheet: Kevlar}, 
publisher={Nuplex}, 
author={Nuplex}, 
year={2013}, 
month={Jun}
} 

@misc{kidd_scianmarello_wiley_madzunkov_tai_2018,
title={Miniature Liquid Chromatographic Systems for Human and Robotic Missions},
publisher={JPL}, 
author={Kidd, Richard D. and Scianmarello, Nicholas and Wiley, Josh and Madzunkov, Stojan and Tai, Y. -C.}, 
year={2018}, 
month={Jan}
} 

@misc{brown_webster_hammond_napier_laplante_2008,
title={Phoenix Landing: Mission to the Martian Polar North},
publisher={NASA}, 
author={Brown, Dwayne and Webster, Guy and Hammond, Sara and Npaer, Gary and Laplante, Isabelle}, 
year={2008}, 
month={May}
} 

@article{doi:10.1021/ac900292w,
author = {Ouyang, Zheng and Noll, Robert J. and Cooks, R. Graham},
title = {Handheld Miniature Ion Trap Mass Spectrometers},
journal = {Analytical Chemistry},
volume = {81},
number = {7},
pages = {2421-2425},
year = {2009},
doi = {10.1021/ac900292w},
note ={PMID: 19281190},
URL = {https://doi.org/10.1021/ac900292w},
eprint = {https://doi.org/10.1021/ac900292w}
}

@article{yang2008development,
  title={Development of a palm portable mass spectrometer},
  author={Yang, Mo and Kim, Tae-Young and Hwang, Hyun-Chul and Yi, Seok-Kyung and Kim, Do-Hoon},
  journal={Journal of the American Society for Mass Spectrometry},
  volume={19},
  number={10},
  pages={1442--1448},
  year={2008},
  publisher={Springer}
}

@article{sinha2015amazonian,
  title={Amazonian modification of Moreux crater: Record of recent and episodic glaciation in the Protonilus Mensae region of Mars},
  author={Sinha, Rishitosh K and Murty, SVS},
  journal={Icarus},
  volume={245},
  pages={122--144},
  year={2015},
  publisher={Elsevier}
}

@article{brough2016former,
  title={Former extent of glacier-like forms on Mars},
  author={Brough, Stephen and Hubbard, Bryn and Hubbard, Alun},
  journal={Icarus},
  volume={274},
  pages={37--49},
  year={2016},
  publisher={Elsevier}
}

@misc{ APXS_NASA_Mars,
   title = "Alpha Particle X-Ray Spectrometer (APXS) - NASA Mars",
   year = "2019",
   url = "https://mars.nasa.gov/mer/mission/instruments/apxs/",
   note = "[Online; accessed 03-April-2019]"
 }
 
 @misc{ APXSspaceflight101,
   title = "APXS Instrument Information – MSL – Mars Science Laboratory",
   year = "2019",
   url = "http://spaceflight101.com/msl/apxs-instrument-information/",
   note = "[Online; accessed 03-April-2019]"
 }
 
 @article{rieder2003new,
  title={The new Athena alpha particle X-ray spectrometer for the Mars Exploration Rovers},
  author={Rieder, R and Gellert, R and Br{\"u}ckner, J and Klingelh{\"o}fer, G and Dreibus, G and Yen, A and Squyres, SW},
  journal={Journal of Geophysical Research: Planets},
  volume={108},
  number={E12},
  year={2003},
  publisher={Wiley Online Library}
}

@article{ali2014exploring,
  title={Exploring Shallow Subsurface of Mars and Introducing the GPR Technique for Planetary Sciences (Exploring Mars beyond the Surface Features)},
  author={Ali, W and Shieh, SR},
  journal={J Geol Geosci},
  volume={3},
  number={142},
  pages={2},
  year={2014}
}

@article{conyers2006innovative,
  title={Innovative ground-penetrating radar methods for archaeological mapping},
  author={Conyers, Lawrence B},
  journal={Archaeological Prospection},
  volume={13},
  number={2},
  pages={139--141},
  year={2006},
  publisher={Wiley Online Library}
}

@article{kim2014introduction,
  title={An introduction to the lunar and planetary science activities in Korea},
  author={Kim, Kyeong Ja and Lee, Joo-Hee and Seo, Haingja and Ju, Gwanghyeok and Lee, Sang-Ryool and Choi, Gi-Hyuk and Sim, Eun-Sup and Lee, Tai Sik},
  journal={Advances in Space Research},
  volume={54},
  number={10},
  pages={2000--2006},
  year={2014},
  publisher={Elsevier}
}

